<record><leader>00000cas a2200000 a 4500</leader><controlfield tag="001">8797341</controlfield><controlfield tag="008">820922d1839184uiluwr ne      0   a0eng  </controlfield><datafield ind1=" " ind2=" " tag="010"><subfield code="a">sn 82015019 </subfield></datafield><datafield ind1=" " ind2=" " tag="040"><subfield code="a">DLC</subfield><subfield code="b">eng</subfield><subfield code="c">DLC</subfield><subfield code="d">NPV</subfield><subfield code="d">DLC</subfield><subfield code="d">NVF</subfield><subfield code="d">OCL</subfield><subfield code="d">NVF</subfield><subfield code="d">OCLCO</subfield><subfield code="d">OCLCF</subfield><subfield code="d">NVF</subfield><subfield code="d">OCLCO</subfield><subfield code="d">OCL</subfield></datafield><datafield ind1=" " ind2=" " tag="042"><subfield code="a">pcc</subfield></datafield><datafield ind1=" " ind2=" " tag="043"><subfield code="a">n-us-il</subfield></datafield><datafield ind1="0" ind2="0" tag="050"><subfield code="a">Newspaper 7574-X</subfield></datafield><datafield ind1="0" ind2=" " tag="130"><subfield code="a">Illinois Republican (Rushville, Ill.)</subfield></datafield><datafield ind1="1" ind2="0" tag="245"><subfield code="a">Illinois Republican.</subfield></datafield><datafield ind1=" " ind2=" " tag="260"><subfield code="a">Rushville, Ill. :</subfield><subfield code="b">[s.n.]</subfield></datafield><datafield ind1=" " ind2=" " tag="300"><subfield code="a">v.</subfield></datafield><datafield ind1=" " ind2=" " tag="310"><subfield code="a">Weekly</subfield></datafield><datafield ind1="1" ind2=" " tag="362"><subfield code="a">Began Dec. 14, 1839.</subfield></datafield><datafield ind1=" " ind2=" " tag="588"><subfield code="a">Description based on: Vol. 1, no. 4 (Jan. 2, 1840).</subfield></datafield><datafield ind1=" " ind2=" " tag="588"><subfield code="a">Latest issue consulted: Feb. 3, 1840.</subfield></datafield><datafield ind1=" " ind2="0" tag="651"><subfield code="a">Rushville (Ill.)</subfield><subfield code="v">Newspapers.</subfield></datafield><datafield ind1=" " ind2="0" tag="651"><subfield code="a">Schuyler County (Ill.)</subfield><subfield code="v">Newspapers.</subfield></datafield><datafield ind1=" " ind2="7" tag="651"><subfield code="a">Illinois</subfield><subfield code="z">Schuyler County</subfield><subfield code="2">fast</subfield><subfield code="0">(OCoLC)fst01215016</subfield></datafield><datafield ind1=" " ind2="7" tag="651"><subfield code="a">Illinois</subfield><subfield code="z">Rushville.</subfield><subfield code="2">fast</subfield><subfield code="0">(OCoLC)fst01238903</subfield></datafield><datafield ind1=" " ind2="7" tag="655"><subfield code="a">Newspapers.</subfield><subfield code="2">fast</subfield><subfield code="0">(OCoLC)fst01423814</subfield></datafield><datafield ind1=" " ind2=" " tag="752"><subfield code="a">United States</subfield><subfield code="b">Illinois</subfield><subfield code="c">Schuyler</subfield><subfield code="d">Rushville.</subfield></datafield><datafield ind1="0" ind2="0" tag="785"><subfield code="t">Political examiner (Rushville, Ill.)</subfield><subfield code="w">(DLC)sn 87082130</subfield><subfield code="w">(OCoLC)15293187</subfield></datafield><datafield ind1="1" ind2=" " tag="029"><subfield code="a">AU@</subfield><subfield code="b">000020119832</subfield></datafield></record>